<record><leader>00000cas a22000007a 4500</leader><controlfield tag="001">52198568</controlfield><controlfield tag="008">030507d19001909oruwn ne      0    0eng d</controlfield><datafield ind1=" " ind2=" " tag="010"><subfield code="a">  2004260240</subfield></datafield><datafield ind1=" " ind2=" " tag="040"><subfield code="a">ORU</subfield><subfield code="b">eng</subfield><subfield code="c">ORU</subfield><subfield code="d">ORU</subfield><subfield code="d">OCLCF</subfield></datafield><datafield ind1="1" ind2=" " tag="029"><subfield code="a">AU@</subfield><subfield code="b">000025543100</subfield></datafield><datafield ind1=" " ind2=" " tag="042"><subfield code="a">msc</subfield></datafield><datafield ind1=" " ind2=" " tag="043"><subfield code="a">n-us-or</subfield></datafield><datafield ind1="0" ind2="4" tag="245"><subfield code="a">The Oregon weekly.</subfield></datafield><datafield ind1=" " ind2=" " tag="260"><subfield code="a">Eugene, Or. :</subfield><subfield code="b">Entaxian [i.e. Eutaxian], Laurean and Philologian Societies of the University of Oregon,</subfield><subfield code="c">1900-1909.</subfield></datafield><datafield ind1=" " ind2=" " tag="300"><subfield code="a">10 v. :</subfield><subfield code="b">ill. ;</subfield><subfield code="c">39 cm.</subfield></datafield><datafield ind1=" " ind2=" " tag="310"><subfield code="a">Weekly (during the school year)</subfield></datafield><datafield ind1="0" ind2=" " tag="362"><subfield code="a">Vol. 1, no. 1 (Feb. 12, 1900)-v. 10, no. 37 (June 14, 1909).</subfield></datafield><datafield ind1=" " ind2=" " tag="500"><subfield code="a">Published by: Associated Students of the University of Oregon, Oct. 1900-June 1909.</subfield></datafield><datafield ind1=" " ind2=" " tag="530"><subfield code="a">Also available on microfilm from University of Oregon.</subfield></datafield><datafield ind1="2" ind2="0" tag="610"><subfield code="a">University of Oregon</subfield><subfield code="v">Newspapers.</subfield></datafield><datafield ind1=" " ind2="0" tag="651"><subfield code="a">Eugene (Or.)</subfield><subfield code="v">Newspapers.</subfield></datafield><datafield ind1=" " ind2="7" tag="655"><subfield code="a">Newspapers.</subfield><subfield code="2">fast</subfield><subfield code="0">(OCoLC)fst01423814</subfield></datafield><datafield ind1="2" ind2="7" tag="610"><subfield code="a">University of Oregon.</subfield><subfield code="2">fast</subfield><subfield code="0">(OCoLC)fst00549753</subfield></datafield><datafield ind1=" " ind2="7" tag="651"><subfield code="a">Oregon</subfield><subfield code="z">Eugene.</subfield><subfield code="2">fast</subfield><subfield code="0">(OCoLC)fst01205922</subfield></datafield><datafield ind1="2" ind2=" " tag="710"><subfield code="a">University of Oregon.</subfield><subfield code="b">Eutaxian Society.</subfield></datafield><datafield ind1="2" ind2=" " tag="710"><subfield code="a">University of Oregon.</subfield><subfield code="b">Laurean Society.</subfield></datafield><datafield ind1="2" ind2=" " tag="710"><subfield code="a">University of Oregon.</subfield><subfield code="b">Philologian Society.</subfield></datafield><datafield ind1="2" ind2=" " tag="710"><subfield code="a">University of Oregon.</subfield><subfield code="b">Associated Students.</subfield></datafield><datafield ind1=" " ind2=" " tag="752"><subfield code="a">United States</subfield><subfield code="b">Oregon</subfield><subfield code="c">Lane</subfield><subfield code="d">Eugene.</subfield></datafield><datafield ind1="0" ind2="0" tag="785"><subfield code="t">Oregon emerald</subfield><subfield code="w">(OCoLC)55134724</subfield><subfield code="w">(DLC)  2004260238</subfield></datafield></record>